<record xmlns='http://www.loc.gov/MARC21/slim'><leader>02912cas a2200469 a 4500</leader><controlfield tag='001'>1475436</controlfield><controlfield tag='005'>20180809042426.0</controlfield><controlfield tag='008'>811216c19uu9999dcu x        f0   a0eng d</controlfield><datafield ind1=' ' ind2=' ' tag='010'><subfield code='a'>86642637</subfield><subfield code='z'>sn 82021479</subfield></datafield><datafield ind1='1' ind2=' ' tag='019'><subfield code='a'>5254955</subfield></datafield><datafield ind1=' ' ind2=' ' tag='035'><subfield code='9'>(AuCNLDY)1736475</subfield></datafield><datafield ind1=' ' ind2=' ' tag='035'><subfield code='a'>1475436</subfield></datafield><datafield ind1=' ' ind2=' ' tag='037'><subfield code='a'>863-002-00000-1</subfield><subfield code='b'>Supt. of Docs., U.S. Govt. Print. Off., Washington, D.C. 20402</subfield></datafield><datafield ind1=' ' ind2=' ' tag='040'><subfield code='a'>LNL-L</subfield><subfield code='b'>eng</subfield><subfield code='c'>LNL-L</subfield><subfield code='d'>OCoLC</subfield><subfield code='d'>NST</subfield><subfield code='d'>OCoLC</subfield><subfield code='d'>NST</subfield><subfield code='d'>MH</subfield><subfield code='d'>OCoLC</subfield><subfield code='d'>DGPO</subfield><subfield code='d'>DLC</subfield><subfield code='d'>DGPO</subfield><subfield code='d'>NST</subfield><subfield code='d'>DGPO</subfield><subfield code='d'>OCoLC</subfield><subfield code='d'>LC</subfield></datafield><datafield ind1=' ' ind2=' ' tag='042'><subfield code='a'>lc</subfield></datafield><datafield ind1=' ' ind2=' ' tag='043'><subfield code='a'>n-us---</subfield></datafield><datafield ind1='0' ind2='0' tag='050'><subfield code='a'>KF5365.A575</subfield><subfield code='b'>U553</subfield></datafield><datafield ind1=' ' ind2=' ' tag='074'><subfield code='a'>1061-G-01</subfield></datafield><datafield ind1='0' ind2='0' tag='082'><subfield code='a'>344.73/0189041353</subfield><subfield code='2'>19</subfield></datafield><datafield ind1='0' ind2='0' tag='082'><subfield code='a'>347.304189041353</subfield><subfield code='2'>19</subfield></datafield><datafield ind1='0' ind2=' ' tag='086'><subfield code='a'>Y 3.F 31/21-3:9/citator</subfield><subfield code='a'>Y 3.F 31/21-3:9-4</subfield><subfield code='a'>Y 3.F 31/21-3:9-4/</subfield></datafield><datafield ind1='1' ind2=' ' tag='110'><subfield code='a'>United States.</subfield><subfield code='b'>Federal Labor Relations Authority.</subfield></datafield><datafield ind1='1' ind2='0' tag='245'><subfield code='a'>Citator :</subfield><subfield code='b'>decisions of the Federal Labor Relations Authority.</subfield></datafield><datafield ind1='1' ind2='0' tag='246'><subfield code='a'>Decisions of the Federal Labor Relations Authority</subfield></datafield><datafield ind1=' ' ind2=' ' tag='260'><subfield code='a'>Washington, D.C. :</subfield><subfield code='b'>The Authority :</subfield><subfield code='b'>Supt. of Docs., U.S. G.P.O. [distributor],</subfield></datafield><datafield ind1=' ' ind2=' ' tag='300'><subfield code='a'>v. ;</subfield><subfield code='c'>27 cm.</subfield></datafield><datafield ind1=' ' ind2=' ' tag='310'><subfield code='a'>Irregular</subfield></datafield><datafield ind1=' ' ind2=' ' tag='500'><subfield code='a'>Description based on: Jan. 1, 1979-Aug. 31, 1983.</subfield></datafield><datafield ind1=' ' ind2=' ' tag='515'><subfield code='a'>Each issue cumulative from Jan. 1, 1979.</subfield></datafield><datafield ind1=' ' ind2=' ' tag='550'><subfield code='a'>Vols. for &lt;Aug. 1983&gt;-198 prepared by: Technical Assistance Section, Office of the Chief Counsel, Federal Labor Relations Authority; &lt;May 1986&gt;-198 by: Office of Case Management, Federal Labor Relations Authority; &lt;Nov. 6, 1987-&gt; by: Office of Information Resources and Research Services, Federal Labor Relations Authority.</subfield></datafield><datafield ind1=' ' ind2=' ' tag='580'><subfield code='a'>Issued with: United States. Federal Labor Relations Authority. Administrative law judge decisions report; and: United States. Federal Labor Relations Authority. Report of case decisions, which report cases cited in this Citator.</subfield></datafield><datafield ind1=' ' ind2='0' tag='650'><subfield code='a'>Annotations and citations (Law)</subfield><subfield code='z'>United States</subfield><subfield code='v'>Periodicals.</subfield></datafield><datafield ind1=' ' ind2='0' tag='650'><subfield code='a'>Employee-management relations in government</subfield><subfield code='x'>Law and legislation</subfield><subfield code='z'>United States</subfield><subfield code='v'>Periodicals.</subfield></datafield><datafield ind1=' ' ind2='0' tag='650'><subfield code='a'>Employee-management relations in government</subfield><subfield code='z'>United States</subfield><subfield code='x'>Cases</subfield><subfield code='x'>Indexes.</subfield></datafield><datafield ind1=' ' ind2='0' tag='650'><subfield code='a'>Collective labor agreements</subfield><subfield code='x'>Government employees</subfield><subfield code='z'>United States</subfield><subfield code='x'>Cases</subfield><subfield code='x'>Indexes.</subfield></datafield><datafield ind1='1' ind2=' ' tag='710'><subfield code='a'>United States.</subfield><subfield code='b'>Federal Labor Relations Authority.</subfield><subfield code='b'>Office of Case Management.</subfield></datafield><datafield ind1='1' ind2=' ' tag='710'><subfield code='a'>United States.</subfield><subfield code='b'>Federal Labor Relations Authority.</subfield><subfield code='b'>Office of Information Resources and Research Services.</subfield></datafield><datafield ind1='1' ind2=' ' tag='710'><subfield code='a'>United States.</subfield><subfield code='b'>Federal Labor Relations Authority.</subfield><subfield code='b'>Technical Assistance Section.</subfield></datafield><datafield ind1='1' ind2=' ' tag='777'><subfield code='a'>United States. Federal Labor Relations Authority.</subfield><subfield code='t'>Administrative law judge decisions report</subfield><subfield code='x'>0742-616X</subfield><subfield code='w'>(DLC)   84640865</subfield><subfield code='w'>(OCoLC)8289214</subfield></datafield><datafield ind1='1' ind2=' ' tag='777'><subfield code='a'>United States. Federal Labor Relations Authority.</subfield><subfield code='t'>Report of case decisions x 0147-3611</subfield><subfield code='w'>(DLC)sn 86014625</subfield><subfield code='w'>(OCoLC)5807345</subfield></datafield><datafield ind1='0' ind2='0' tag='780'><subfield code='a'>Federal Labor Relations Council (U.S.).</subfield><subfield code='t'>Citator</subfield><subfield code='w'>(OCoLC)9293123</subfield></datafield><datafield ind1=' ' ind2=' ' tag='984'><subfield code='a'>ANL</subfield><subfield code='c'>S 353.00832 UNI</subfield><subfield code='e'>(Jan. 1, 1979/May 31, 1981)</subfield></datafield></record>